@misc{1-github-mad,
  title = "MAD Location Manager",
  author = "Mad Devs",
  howpublished = "\url{https://github.com/maddevsio/mad-location-manager/wiki/Theory}",
  year = "2020",
  note = "last access: 25.06.2020"
}
@misc{2-website,
  title = "How to achieve 1-meter accuracy in Android",
  author = "Frank Van Diggelen, Roy Want and Wei Wang",
  howpublished = "\url{https://www.gpsworld.com/how-to-achieve-1-meter-accuracy-in-android/}",
  year = "2018",
  note = "last access: 23.06.2020"
}

@misc{3-website,
  title = "Reduce GPS data error on Android with Kalman filter and accelerometer",
  author = "Oleg Katkov",
  howpublished = "\url{https://blog.maddevs.io/reduce-gps-data-error-on-android-with-kalman-filter-and-accelerometer-43594faed19c}",
  year = "2018",
  note = "last access: 22.06.2020"
}
@misc{4-website-developer,
  title = "GeoMagneticField",
  author = "Android documents",
  howpublished = "\url{ttps://developer.android.com/reference/android/hardware/GeomagneticField.html#getDeclination() }",
  year = "2020",
  note = "last access: 22.06.2020"
}
@misc{5-github,
  title = "Sensor fusion demo for Androidr",
  author = "Alexander Pacha and the Human Technology Laboratory New Zealand.",
  howpublished = "\url{https://github.com/maddevsio/sensor-fusion-demo}",
  year = "2017",
  note = "last access: 27.06.2020"
}
@article{6-article,
	author = "B. Gurram and N. Giri",
	title ="Sensor fusion for robust outdoor Augmented Reality tracking on mobile devices ",
	journal ="2016 International Conference on Computer Communication and Informatics (ICCCI)",
	year="2016",
	month="Februar",
	pages = "pp. 1-4",
	note = {abgerufen von \url{https://www.bretschneidernet.de/tips/octave_bildverarbeitung.html} am 22.3.2014},
}
@article{7-article,
	author = "B. Gurram and N. Giri",
	title ="Improving localization accuracy of android's Fused Location Provider API using Kalman Filter",
	journal ="2016 International Conference on Computer Communication and Informatics (ICCCI)",
	year="2016",
	month="Februar",
	pages = "pp. 1-4",
	note = {abgerufen von \url{https://www.bretschneidernet.de/tips/octave_bildverarbeitung.html} am 22.3.2014},
}
@article{8-article,
	author = "B. Gurram and N. Giri",
	title =" B&G Essential guide to sailing instructions",
	journal ="2016 International Conference on Computer Communication and Informatics (ICCCI)",
	year="2016",
	month="Februar",
	pages = "pp. 1-4",
	note = {abgerufen von \url{https://www.bretschneidernet.de/tips/octave_bildverarbeitung.html} am 22.3.2014},
}

