@article{weranders,
	author = "Hans Weranders",
	title ="Der Titel ist seine Allegorie seiner selbst",
	journal ="Bücher über dies und das",
	year="1999",
	month="Februar",
	pages = "257-286",
	note = {abgerufen von \url{https://www.bretschneidernet.de/tips/octave_bildverarbeitung.html} am 22.3.2014},
}
@misc{thesislatex,
  title = "Bachelorarbeit, Masterarbeit und Dissertation mit einer LaTeX-Vorlage schreiben",
  author = "Martin Bretschneider",
  howpublished = "\url{https://www.bretschneidernet.de/tips/thesislatex.html}",
  year = "2006",
  note = "letzter Zugriff: 25.2.2017"
}
